@inproceedings{wild2018inaccessibility,
  title={The Inaccessibility of Video Players},
  author={Wild, Gian},
  booktitle={International Conference on Computers Helping People with Special Needs},
  pages={47--51},
  year={2018},
  organization={Springer}
}

@article{rhee2017mr360,
  title={Mr360: Mixed reality rendering for 360 panoramic videos},
  author={Rhee, Taehyun and Petikam, Lohit and Allen, Benjamin and Chalmers, Andrew},
  journal={IEEE Transactions on Visualization \& Computer Graphics},
  number={4},
  pages={1379--1388},
  year={2017},
  publisher={IEEE}
}

@inproceedings{sv2015popolin,
author = {Popolin Neto, Mário and Agostinho, Isabele and Dias, Diego Roberto and Rodello, Ildeberto and Brega, José Remo},
year = {2015},
month = {05},
pages = {9-23},
title = {A Realidade Virtual e o Motor de Jogo Unity},
booktitle={2014 IEEE World Forum on Internet of Things (WF-IoT)},
isbn = {2177-6776}
}

@inproceedings{kim2014using,
  title={Using Unity 3D to facilitate mobile augmented reality game development},
  author={Kim, Sung Lae and Suk, Hae Jung and Kang, Jeong Hwa and Jung, Jun Mo and Laine, Teemu H and Westlin, Joonas},
  booktitle={2014 IEEE World Forum on Internet of Things (WF-IoT)},
  pages={21--26},
  year={2014},
  organization={IEEE}
}

@Book{knuth:84,
  author = 	 {Donald E. Knuth},
  title = 	 {The {\TeX} Book},
  publisher = 	 {Addison-Wesley},
  year = 	 {1984},
  edition = 	 {15th}
}

@InCollection{boulic:91,
  author = 	 {R. Boulic and O. Renault},
  title = 	 {3D Hierarchies for Animation},
  booktitle = 	 {New Trends in Animation and Visualization},
  publisher =    {John Wiley {\&} Sons ltd.},
  year = 	 {1991},
  editor = 	 {Nadia Magnenat-Thalmann and Daniel Thalmann}
}

@InCollection{smith:99,
  author = 	 {A. Smith and B. Jones},
  title = 	 {On the Complexity of Computing},
  booktitle = 	 {Advances in Computer Science},
  pages = 	 {555--566},
  publisher =    {Publishing Press},
  year = 	 {1999},
  editor = 	 {A. B. Smith-Jones}
}
